<record><leader>00000cas a22000007a 4500</leader><controlfield tag="001">12823843</controlfield><controlfield tag="008">851120d18931896iauwr ne      0    0eng d</controlfield><datafield ind1=" " ind2=" " tag="010"><subfield code="a">sn 85049833 </subfield></datafield><datafield ind1=" " ind2=" " tag="040"><subfield code="a">INP</subfield><subfield code="b">eng</subfield><subfield code="c">INP</subfield><subfield code="d">OCLCQ</subfield></datafield><datafield ind1=" " ind2=" " tag="042"><subfield code="a">msc</subfield></datafield><datafield ind1="0" ind2="0" tag="245"><subfield code="a">Farnhamville record.</subfield></datafield><datafield ind1=" " ind2=" " tag="260"><subfield code="a">Farnhamville, Iowa :</subfield><subfield code="b">Fred F. Moore,</subfield><subfield code="c">-1896.</subfield></datafield><datafield ind1=" " ind2=" " tag="300"><subfield code="a">v. :</subfield><subfield code="b">ill. (chiefly advertisements) ;</subfield><subfield code="c">55 cm.</subfield></datafield><datafield ind1=" " ind2=" " tag="310"><subfield code="a">Weekly</subfield></datafield><datafield ind1="1" ind2=" " tag="362"><subfield code="a">Began in 1893?</subfield><subfield code="z">Cf. Bibl. of Iowa newspapers.</subfield></datafield><datafield ind1="0" ind2=" " tag="362"><subfield code="a">-Dec. 4, 1896.</subfield></datafield><datafield ind1=" " ind2=" " tag="500"><subfield code="a">Publisher varies.</subfield></datafield><datafield ind1=" " ind2=" " tag="588"><subfield code="a">Description based on: Aug. 10, 1894.</subfield></datafield><datafield ind1=" " ind2=" " tag="752"><subfield code="a">United States</subfield><subfield code="b">Iowa</subfield><subfield code="c">Calhoun</subfield><subfield code="d">Farnhamville.</subfield></datafield><datafield ind1=" " ind2=" " tag="752"><subfield code="a">United States</subfield><subfield code="b">Iowa</subfield><subfield code="c">Calhoun</subfield><subfield code="d">Lohrville.</subfield></datafield><datafield ind1="0" ind2=" " tag="777"><subfield code="t">Lohrville enterprise (Lohrville, Iowa : 1889)</subfield><subfield code="w">(OCoLC)14764467</subfield><subfield code="w">(DLC)sn 86060271</subfield><subfield code="g">&lt;Aug. 10, 1894&gt;-1896</subfield></datafield><datafield ind1="0" ind2="4" tag="785"><subfield code="t">Lohrville enterprise (Lohrville, Iowa : 1889)</subfield><subfield code="w">(DLC)sn 86060271</subfield><subfield code="g">Dec. 11, 1896</subfield></datafield><datafield ind1="1" ind2=" " tag="029"><subfield code="a">AU@</subfield><subfield code="b">000023563346</subfield></datafield></record>